<record><leader>00000cas a22000007a 4500</leader><controlfield tag="001">12609543</controlfield><controlfield tag="008">850927d186u1866paudn ne      0   a0eng d</controlfield><datafield ind1=" " ind2=" " tag="010"><subfield code="a">sn 85054823 </subfield></datafield><datafield ind1=" " ind2=" " tag="040"><subfield code="a">NPH</subfield><subfield code="b">eng</subfield><subfield code="c">NPH</subfield><subfield code="d">NPX</subfield><subfield code="d">NPH</subfield><subfield code="d">OCLCQ</subfield><subfield code="d">DLC</subfield></datafield><datafield ind1="0" ind2=" " tag="022"><subfield code="a">2469-3324</subfield><subfield code="2">1</subfield></datafield><datafield ind1=" " ind2=" " tag="042"><subfield code="a">msc</subfield><subfield code="a">nsdp</subfield></datafield><datafield ind1="1" ind2="0" tag="050"><subfield code="a">ISSN RECORD</subfield></datafield><datafield ind1="1" ind2="0" tag="082"><subfield code="a">071</subfield><subfield code="2">23</subfield></datafield><datafield ind1="0" ind2=" " tag="130"><subfield code="a">Daily times (Reading, Pa.)</subfield></datafield><datafield ind1=" " ind2="4" tag="222"><subfield code="a">The daily times</subfield><subfield code="b">(Reading, Pa.)</subfield></datafield><datafield ind1="1" ind2="4" tag="245"><subfield code="a">The daily times.</subfield></datafield><datafield ind1="1" ind2="3" tag="246"><subfield code="a">Reading daily times</subfield></datafield><datafield ind1=" " ind2=" " tag="260"><subfield code="a">Reading [Pa.] :</subfield><subfield code="b">Henry A. Lantz,</subfield><subfield code="c">-1866.</subfield></datafield><datafield ind1=" " ind2=" " tag="300"><subfield code="a">v. :</subfield><subfield code="b">ill. ;</subfield><subfield code="c">52 cm.</subfield></datafield><datafield ind1=" " ind2=" " tag="310"><subfield code="a">Daily (except Sun.)</subfield></datafield><datafield ind1="0" ind2=" " tag="362"><subfield code="a">-v. 16, no. 156 (June 30, 1866) = -whole no. 2346.</subfield></datafield><datafield ind1=" " ind2=" " tag="500"><subfield code="a">Publisher: A.S. Whitman, &lt;1861&gt;; A.S. Whitman &amp; C.F. Haas, &lt;1864&gt;.</subfield></datafield><datafield ind1=" " ind2=" " tag="588"><subfield code="a">Description based on: Vol. 4, no. 106 (May. 2, 1860).</subfield></datafield><datafield ind1=" " ind2=" " tag="752"><subfield code="a">United States</subfield><subfield code="b">Pennsylvania</subfield><subfield code="c">Berks</subfield><subfield code="d">Reading.</subfield></datafield><datafield ind1="0" ind2="0" tag="780"><subfield code="t">Reading daily times (Reading, Pa. : 1858)</subfield><subfield code="x">2469-3332</subfield><subfield code="w">(DLC)sn 85054841</subfield><subfield code="w">(OCoLC)12609523</subfield></datafield><datafield ind1="0" ind2="0" tag="785"><subfield code="t">Reading daily times (Reading, Pa. : 1866)</subfield><subfield code="x">2469-3316</subfield><subfield code="w">(DLC)sn 86081437</subfield><subfield code="w">(OCoLC)12574634</subfield></datafield><datafield ind1="1" ind2=" " tag="029"><subfield code="a">AU@</subfield><subfield code="b">000023563417</subfield></datafield></record>